<?xml version="1.0" encoding="UTF-8"?><collection xmlns="http://www.loc.gov/MARC21/slim"><record><leader>00465nam--2200133-i-4500</leader><controlfield tag="001">000009412</controlfield><controlfield tag="002">20161230</controlfield><controlfield tag="005">20161230201028</controlfield><controlfield tag="008">060222s1000------------r-----000-0-eng-d</controlfield><datafield ind1=" " ind2=" " tag="100"><subfield code="a">Cerny, Slavoj And Smisek, Milan</subfield></datafield><datafield ind1=" " ind2=" " tag="245"><subfield code="a">Active carbon. manufacture, properties and app lications</subfield></datafield><datafield ind1=" " ind2=" " tag="260"><subfield code="a">Amsterdam, Elsevier Publishing Co., 1970</subfield></datafield><datafield ind1=" " ind2=" " tag="490"><subfield code="a">Topics In Inorganic And General Chemistry. A Collection Of Monographs Edited By P.L.Robinso N. Mon</subfield></datafield><datafield ind1=" " ind2=" " tag="852"><subfield code="a">546.45</subfield></datafield></record></collection>